<?xml version="1.0" encoding="UTF-8"?><collection xmlns="http://www.loc.gov/MARC21/slim"><record><leader>00377nam--2200133-i-4500</leader><controlfield tag="001">000043167</controlfield><controlfield tag="002">20161230</controlfield><controlfield tag="005">20161230201043</controlfield><controlfield tag="008">060222s1000------------r-----000-0-eng-d</controlfield><datafield ind1=" " ind2=" " tag="080"><subfield code="a">541.183:538.971:537.222.22</subfield></datafield><datafield ind1=" " ind2=" " tag="245"><subfield code="a">The surface chemistry of metals and semiconductors</subfield></datafield><datafield ind1=" " ind2=" " tag="260"><subfield code="a">New York, John Wiley &amp; Sons,Inc.,1960. Xi + 526 P</subfield></datafield><datafield ind1=" " ind2=" " tag="700"><subfield code="a">Harry C.Gatos</subfield></datafield><datafield ind1=" " ind2=" " tag="852"><subfield code="a">11571</subfield></datafield></record></collection>